% !Mode::"BibTeX:UTF-8"
@ARTICLE{wp,
  author =       {pu wang},
  title =        {latex study},
  journal =      {journal},
  year =         {2018},
}
